<record><leader>00000cas a22000007a 4500</leader><controlfield tag="001">28731142</controlfield><controlfield tag="008">930901d19161919scuwr ne      0    0eng d</controlfield><controlfield tag="009">14537</controlfield><datafield ind1=" " ind2=" " tag="010"><subfield code="a">sn 93067926 </subfield></datafield><datafield ind1=" " ind2=" " tag="040"><subfield code="a">SVN</subfield><subfield code="b">eng</subfield><subfield code="c">SVN</subfield><subfield code="d">OCLCQ</subfield></datafield><datafield ind1="1" ind2=" " tag="029"><subfield code="a">AU@</subfield><subfield code="b">000025896023</subfield></datafield><datafield ind1=" " ind2=" " tag="042"><subfield code="a">msc</subfield></datafield><datafield ind1="0" ind2="0" tag="245"><subfield code="a">Hampton County herald.</subfield></datafield><datafield ind1=" " ind2=" " tag="260"><subfield code="a">Hampton, S.C. :</subfield><subfield code="b">Hampton County Herald Pub. Co.</subfield></datafield><datafield ind1=" " ind2=" " tag="300"><subfield code="a">v.</subfield></datafield><datafield ind1=" " ind2=" " tag="310"><subfield code="a">Weekly</subfield></datafield><datafield ind1="0" ind2=" " tag="362"><subfield code="a">Vol. 1, no. 1 (Mar. 3, 1916) -</subfield></datafield><datafield ind1="1" ind2=" " tag="362"><subfield code="a">Ceased in 1919?</subfield></datafield><datafield ind1=" " ind2="4" tag="651"><subfield code="a">Hampton County (S.C.)</subfield><subfield code="v">Newspapers.</subfield></datafield><datafield ind1=" " ind2=" " tag="752"><subfield code="a">United States</subfield><subfield code="b">South Carolina</subfield><subfield code="c">Hampton</subfield><subfield code="d">Hampton.</subfield></datafield></record>